@inproceedings{Kleinberg2000small,
  title={The small-world phenomenon: an algorithm perspective},
  author={Kleinberg, Jon},
  booktitle={Proceedings of the thirty-second annual ACM Symposium on Theory of Computing},
  pages={163--170},
  year={2000},
  organization={ACM}
}

@inproceedings{Ghasemiesfeh2013complex,
  title={Complex contagion and the weakness of long ties in social networks: revisited.},
  author={Ghasemiesfeh, Golnaz and Ebrahimi, Roozbeh and Gao, Jie},
  booktitle={ACM Conference on Electronic Commerce},
  pages={507--524},
  year={2013}
}

@inproceedings{Nguyen2005analyzing,
  title={Analyzing and characterizing small-world graphs},
  author={Nguyen, Van and Martel, Chip},
  booktitle={Proceedings of the sixteenth annual ACM-SIAM Symposium on Discrete Algorithms},
  pages={311--320},
  year={2005},
  organization={Society for Industrial and Applied Mathematics}
}

@inproceedings{Martel2004analyzing,
  title={Analyzing Kleinberg's (and other) small-world models},
  author={Martel, Chip and Nguyen, Van},
  booktitle={Proceedings of the twenty-third annual ACM Symposium on Principles of Distributed Computing},
  pages={179--188},
  year={2004},
  organization={ACM}
}

@article{Adler1991bootstrap,
  title={Bootstrap percolation},
  author={Adler, Joan},
  journal={Physica A: Statistical Mechanics and its Applications},
  volume={171},
  number={3},
  pages={453--470},
  year={1991},
  publisher={Elsevier}
}

@article{Balogh2006bootstrap,
  title={Bootstrap percolation on infinite trees and non-amenable groups},
  author={Balogh, J{\'o}zsef and Peres, Yuval and Pete, G{\'a}bor},
  journal={Combinatorics, Probability \& Computing},
  volume={15},
  number={5},
  pages={715--730},
  year={2006},
  publisher={Cambridge Univ Press}
}

@article{Balogh2007bootstrap,
  title={Bootstrap percolation on the random regular graph},
  author={Balogh, J{\'o}zsef and Pittel, Boris G},
  journal={Random Structures \& Algorithms},
  volume={30},
  number={1-2},
  pages={257--286},
  year={2007},
  publisher={Wiley Online Library}
}

@article{Baxter2010bootstrap,
  title={Bootstrap percolation on complex networks},
  author={Baxter, GJ and Dorogovtsev, SN and Goltsev, AV and Mendes, JFF},
  journal={Physical Review E},
  volume={82},
  number={1},
  pages={011103},
  year={2010},
  publisher={APS}
}

@inproceedings{Blume2011networks,
  title={Which Networks Are Least Susceptible to Cascading Failures?},
  author={Blume, Lawrence and Easley, David and Kleinberg, Jon and Kleinberg, Robert and Tardos, {\'E}va},
  booktitle={Proceedings of the 2011 IEEE 52nd Annual Symposium on Foundations of Computer Science},
  pages={393--402},
  year={2011},
  organization={IEEE}
}

@article{Bollobas1988diameter,
  title={The diameter of a cycle plus a random matching},
  author={Bollob{\'a}s, Bela and Chung, Fan R. K.},
  journal={SIAM Journal on Discrete Mathematics},
  volume={1},
  number={3},
  pages={328--333},
  year={1988},
  publisher={SIAM}
}

@article{Bradonjic2012bootstrap,
  title={Bootstrap percolation on random geometric graphs},
  author={Bradonji{\'c}, Milan and Saniee, Iraj},
  journal={arXiv preprint arXiv:1201.2953},
  year={2012}
}

@article{Centola2007complex,
  title={Complex contagions and the weakness of long ties},
  author={Centola, Damon and Macy, Michael},
  journal={American Journal of Sociology},
  volume={113},
  number={3},
  pages={702--734},
  year={2007},
  publisher={JSTOR}
}

@article{Granovetter1973strength,
  title={The strength of weak ties},
  author={Granovetter, Mark S},
  journal={American Journal of Sociology},
  pages={1360--1380},
  year={1973},
  publisher={JSTOR}
}

@article{Chalupa1979bootstrap,
  title={Bootstrap percolation on a Bethe lattice},
  author={Chalupa, J and Leath, PL and Reich, GR},
  journal={Journal of Physics C: Solid State Physics},
  volume={12},
  number={1},
  pages={L31},
  year={1979},
  publisher={IOP Publishing}
}

@inproceedings{Chen2008approximability,
  title={On the approximability of influence in social networks},
  author={Chen, Ning},
  booktitle={Proceedings of the nineteenth annual ACM-SIAM Symposium on Discrete Algorithms},
  pages={1029--1037},
  year={2008}
}

@book{Coleman1966medical,
  title={Medical innovation: A diffusion study},
  author={Coleman, James Samuel and Katz, Elihu and Menzel, Herbert and others},
  year={1966},
  publisher={Bobbs-Merrill Company New York, NY}
}

@article{Watts1998collective,
  title={Collective dynamics of ‘small-world’ networks},
  author={Watts, Duncan J and Strogatz, Steven H},
  journal={Nature},
  volume={393},
  number={6684},
  pages={440--442},
  year={1998},
  publisher={Nature Publishing Group}
}

@book{Easley2010networks,
  title={Networks, Crowds, and Markets: Reasoning about a Highly Connected World},
  author={Easley, David and Kleinberg, Jon},
  volume={8},
  year={2010},
  publisher={Cambridge Univ Press}
}

@book{Newman2010networks,
  title={Networks: {A}n Introduction},
  author={M.E.J. Newman},
  year={2010},
  publisher={Oxford}
}


@inproceedings{FraigniaudG09,
  author    = {Fraigniaud, Pierre and Giakkoupis, George},
  title     = {The effect of power-law degrees on the navigability of small
               worlds: [extended abstract]},
  booktitle = {Proceedings of the 28th Annual ACM Symposium on Principles
                 of Distributed Computing},
  year      = {2009},
  pages     = {240-249},
}

@inproceedings{FraigniaudG10,
  author    = {Fraigniaud, Pierre and Giakkoupis, George},
  title     = {On the searchability of small-world networks with arbitrary
               underlying structure},
  booktitle = {Proceedings of the 42nd ACM Symposium on Theory of Computing},
  year      = {2010},
  pages     = {389-398},
}

@article{Ellison1993learning,
  title={Learning, local interaction, and coordination},
  author={Ellison, Glenn},
  journal={Econometrica: Journal of the Econometric Society},
  pages={1047--1071},
  year={1993},
  publisher={JSTOR}
}

@article{Flaxman2007diameter,
  title={The diameter of randomly perturbed digraphs and some applications},
  author={Flaxman, Abraham D and Frieze, Alan M},
  journal={Random Structures \& Algorithms},
  volume={30},
  number={4},
  pages={484--504},
  year={2007},
  publisher={Wiley Online Library}
}

@inproceedings{Goyal2012competitive,
  title={Competitive contagion in networks},
  author={Goyal, Sanjeev and Kearns, Michael},
  booktitle={Proceedings of the 44th Symposium on Theory of Computing},
  pages={759--774},
  year={2012},
  organization={ACM}
}

@article{Granovetter1978threshold,
  title={Threshold models of collective behavior},
  author={Granovetter, Mark},
  journal={American Journal of Sociology},
  pages={1420--1443},
  year={1978},
  publisher={JSTOR}
}

@article{Granovetter1974getting,
	author = {Granovetter, Mark},
	title = {Getting a job: A study of contacts and careers},
	year = {1974},
	masid = {2037500},
	publisher={Harvard University Press}
}

@article{Holroyd2003sharp,
  title={Sharp metastability threshold for two-dimensional bootstrap percolation},
  author={Holroyd, Alexander E},
  journal={Probability Theory and Related Fields},
  volume={125},
  number={2},
  pages={195--224},
  year={2003},
  publisher={Springer}
}

@inproceedings{Kempe2003maximizing,
  title={Maximizing the spread of influence through a social network},
  author={Kempe, David and Kleinberg, Jon and Tardos, {\'E}va},
  booktitle={Proceedings of the ninth ACM SIGKDD},
  pages={137--146},
  year={2003},
  organization={ACM}
}


@inproceedings{Mossel2007sub,
    author={Elchanan, Mossel and Sebastien, Roch},
    booktitle={ACM Symposium on Theory of Computing},
    pages={128-134},
    title={On the submodularity of influence in social networks},
    year={2007},
}

@inproceedings{Leskovec2007celf,
    author={Leskovec, Jure and Krause, Andreas and Guestrin, Carlos and Faloutsos, Christos and Vanbriesen, Jeanne M and Glance, Natalie},
    booktitle={ACM Knowledge Discovery and Data Mining},
    pages={420-429},
    title={Cost-effective outbreak detection in networks},
    year=2007,
}

@inproceedings{Chen2009efficient,
  title={Efficient influence maximization in social networks},
  author={Chen, Wei and Wang, Yajun and Yang, Siyu},
  booktitle={Proceedings of the 15th ACM SIGKDD},
  pages={199--208},
  year={2009},
  organization={ACM}
}

@article{Aslay2015viral,
	title={Viral marketing meets social advertising: ad allocation with minimum regret},
	author={Aslay, Cigdem and Lu, Wei and Bonchi, Francesco and Goyal, Amit and Lakshmanan, Laks V S},
	booktitle={Proceedings of The Vldb Endowment},
	volume={8},
	number={7},
	pages={814--825},
	year={2015}
}

@inproceedings{Chen2015combining,
	title={Combining Traditional Marketing and Viral Marketing with Amphibious Influence Maximization},
	author={Chen, Wei and Li, Fu and Lin, Tian and Rubinstein, Aviad},
	booktitle={Proceedings of the 16th ACM Conference on Economics and Computation},
	pages={779--796},
	year={2015}
}

@article{Subramani2003knowledge,
	title={Knowledge-sharing and influence in online social networks via viral marketing},
	author={Subramani, Mani and Rajagopalan, Balaji},
	journal={Communications of The ACM},
	volume={46},
	number={12},
	pages={300--307},
	year={2003}
}

@inproceedings{Wang2016drimux,
	title={DRIMUX: Dynamic Rumor Influence Minimization with User Experience in Social Networks},
	author={Wang, Biao and Chen, Ge and Fu, Luoyi and Song, Li and Wang, Xinbing and Liu, Xue},
	booktitle={AAAI Conference on Artificial Intelligence},
    pages={791-797},
    year={2016}
}

@inproceedings{YangHLC13,
  author    = {Yang, De-Nian and
               Hung, Hui-Ju and
               Lee, Wang-Chien and
               Chen, Wei},
  title     = {Maximizing acceptance probability for active friending in
               online social networks},
  booktitle = {Proceedings of the 15th ACM SIGKDD International Conference on Knowledge Discovery and Data Mining},
  year      = {2013},
  pages     = {713-721},
}

@inproceedings{Kempe2005influential,
  title={Influential nodes in a diffusion model for social networks},
  author={Kempe, David and Kleinberg, Jon and Tardos, {\'E}va},
  booktitle={Proceedings of the 32nd international conference on Automata, Languages and Programming},
  pages={1127--1138},
  year={2005},
  organization={Springer-Verlag}
}

@inproceedings{Kleinberg2001small,
  title={Small-World Phenomena and the Dynamics of Information},
  author={Kleinberg, Jon M},
  booktitle={NIPS},
  pages={431--438},
  year={2001}
}

@article{Macdonald1964chain,
  title={Chain migration ethnic neighborhood Formation and social networks},
  author={MacDonald, John S and MacDonald, Leatrice D},
  journal={The Milbank Memorial Fund Quarterly},
  volume={42},
  number={1},
  pages={82--97},
  year={1964},
  publisher={JSTOR}
}

@article{Milgram1967small,
  title={The small world problem},
  author={Milgram, Stanley},
  journal={Psychology Today},
  volume={2},
  number={1},
  pages={60--67},
  year={1967},
  publisher={New York}
}

@inproceedings{Montanari2009convergence,
  title={Convergence to Equilibrium in Local Interaction Games},
  author={Montanari, Andrea and Saberi, Amin},
  booktitle={2009 50th Annual IEEE Symposium on Foundations of Computer Science},
  pages={303--312},
  year={2009},
  organization={IEEE}
}

@book{Motwani1995randomized,
  title={Randomized Algorithms},
  author={Motwani, Rajeev and Raghavan, Prabhakar},
  year={1995},
  publisher={Cambridge Univ Press}
}

@article{Newman1999scaling,
  title={Scaling and percolation in the small-world network model},
  author={Newman, Mark EJ and Watts, Duncan J},
  journal={Physical Review E},
  volume={60},
  number={6},
  pages={7332},
  year={1999},
  publisher={APS}
}

@article{Rapoport1953spread,
  title={Spread of information through a population with socio-structural bias: I. Assumption of transitivity},
  author={Rapoport, Anatol},
  journal={The bulletin of mathematical biophysics},
  volume={15},
  number={4},
  pages={523--533},
  year={1953},
  publisher={Springer}
}

@inproceedings{Romero2011differences,
  title={Differences in the mechanics of information diffusion across topics: idioms, political hashtags, and complex contagion on twitter},
  author={Romero, Daniel M and Meeder, Brendan and Kleinberg, Jon},
  booktitle={Proceedings of the 20th International Conference on World Wide Web},
  pages={695--704},
  year={2011},
  organization={ACM}
}

@article{Van1987proof,
  title={Proof of Straley's argument for bootstrap percolation},
  author={van Enter, Aernout CD},
  journal={Journal of Statistical Physics},
  volume={48},
  number={3},
  pages={943--945},
  year={1987},
  publisher={Springer}
}

@techreport{Young2000diffusion,
  title={The Diffusion of Innovations in Social Networks},
  author={Young, H Peyton},
  year={2000},
  institution={The Johns Hopkins University, Department of Economics}
}

@article{Albert1999internet,
  title={Internet: Diameter of the world-wide web},
  author={Albert, R{\'e}ka and Jeong, Hawoong and Barab{\'a}si, Albert-L{\'a}szl{\'o}},
  journal={Nature},
  volume={401},
  number={6749},
  pages={130--131},
  year={1999},
  publisher={Nature Publishing Group}
}

@article{Barabasi1999emergence,
  title={Emergence of scaling in random networks},
  author={Barab{\'a}si, Albert-L{\'a}szl{\'o} and Albert, R{\'e}ka},
  journal={science},
  volume={286},
  number={5439},
  pages={509--512},
  year={1999},
  publisher={American Association for the Advancement of Science}
}

@article{Liben2005geographic,
  title={Geographic routing in social networks},
  author={Liben-Nowell, David and Novak, Jasmine and Kumar, Ravi and Raghavan, Prabhakar and Tomkins, Andrew},
  journal={Proceedings of the National Academy of Sciences of the United States of America},
  volume={102},
  number={33},
  pages={11623--11628},
  year={2005},
  publisher={National Acad Sciences}
}

@inproceedings{Ben2009exact,
  title={An exact almost optimal algorithm for target set selection in social networks},
  author={Ben-Zwi, Oren and Hermelin, Danny and Lokshtanov, Daniel and Newman, Ilan},
  booktitle={Proceedings of the 10th ACM Conference on Electronic Commerce},
  pages={355--362},
  year={2009},
  organization={ACM}
}

@article{de1978contacts,
  title={Contacts and influence},
  author={de Sola Pool, Ithiel and Kochen, Manfred},
  journal={Social Networks},
  volume={1},
  number={1},
  pages={5--51},
  year={1978},
  publisher={Elsevier Publishing}
}

@book{bollobas1998random,
  title={Random graphs},
  author={Bollob{\'a}s, B{\'e}la},
  year={1998},
  publisher={Springer}
}

@inproceedings{ebrahimi2015complex,
  title={Complex Contagions in Kleinberg's Small World Model},
  author={Ebrahimi, Roozbeh and Gao, Jie and Ghasemiesfeh, Golnaz and Schoenebeck, Grant},
  booktitle={Proceedings of the 2015 Conference on Innovations in Theoretical Computer Science},
  pages={63--72},
  year={2015},
  organization={ACM}
}

@inproceedings{borgs2014rrset,
  title={Maximizing Social Influence in Nearly Optimal Time},
  author={Borgs, Christian and Brautbar, Michael and Chayes, Jennifer and Lucier, Brendan},
  booktitle={SODA'14},
  pages={946--957},
  year={2014},
  organization={ACM-SIAM}
}

@inproceedings{barbieri2012topic,
  title={Topic-aware social influence propagation models},
  author={Barbieri, Nicola and Bonchi, Francesco and Manco, Giuseppe},
  booktitle={IEEE 12th International Conference on Data Mining (ICDM'12)},
  pages={81--90},
  year={2012},
  organization={IEEE}
}


@inproceedings{tang2014newrrset,
  title={Influence maximization: near-optimal time complexity meets practical efficiency},
  author={Tang, Youze and Xiao, Xiaokui and Shi, Yanchen},
  booktitle={SIGMOD'14},
  pages={946--957},
  year={2014},
  organization={ACM}
}

@inproceedings{tang2015influence,
  title={Influence maximization in near-linear time: A martingale approach},
  author={Tang, Youze and Shi, Yanchen and Xiao, Xiaokui},
  booktitle={Proceedings of the 2015 ACM SIGMOD International Conference on Management of Data},
  pages={1539--1554},
  year={2015},
  organization={ACM}
}

@article{lu2015competition,
  title={From competition to complementarity: comparative influence diffusion and maximization},
  author={Lu, Wei and Chen, Wei and Lakshmanan, Laks VS},
  journal={Proceedings of the VLDB Endowment},
  volume={9},
  number={2},
  pages={60--71},
  year={2015},
  publisher={VLDB Endowment}
}

@inproceedings{mtai2016sigmod,
  title={Stop-and-Stare: Optimal Sampling Algorithms for Viral Marketing in Billion-scale Networks},
  author={H. T. Nguyen and M. T. Thai and T. N. Dinh},
  booktitle={SIGMOD'16},
  pages={695-710},
  year={2016},
  organization={ACM}
}

@inproceedings{chen2010sharpphard,
  title={Scalable influence maximization for prevalent viral marketing in large-scale social networks},
  author={Chen, Wei and Wang, Chi and Wang, Yajun},
  booktitle={KDD'10},
  pages={1029-1038},
  year={2010},
  organization={ACM}
}

@article{goyal2012minimizing,
  title={On minimizing budget and time in influence propagation over social networks},
  author={Goyal, Amit and Bonchi, Francesco and Lakshmanan, Laks VS and Venkatasubramanian, Suresh},
  journal={Social Network Analysis and Mining},
  pages={1-14},
  year={2012},
  publisher={Springer}
}
@inproceedings{Goyal2011simpath,
	author = "Amit Goyal and Wei Lu and Laks V. S. Lakshmanan",
	booktitle = {ICDM'11},
	pages = "211--220",
	title = "{SIMPATH: An Efficient Algorithm for Influence Maximization under the Linear Threshold Model}",
	year = "2011"
}

@inproceedings{Horel2016sub,
	title = {Maximization of Approximately Submodular Functions},
	author = {Horel, Thibaut and Singer, Yaron},
	booktitle = {Advances in Neural Information Processing Systems 29},
	pages = {3045--3053},
	year = {2016}
}

@inproceedings{zhang2014prob,
  title={Minimizing seed set selection with probabilistic coverage guarantee in a social network},
  author={Zhang, Peng and Chen, Wei and Sun, Xiaoming and Wang, Yajun and Zhang, Jialin},
  booktitle={Proceedings of the 20th ACM SIGKDD international conference on Knowledge discovery and data mining},
  pages={1306--1315},
  year={2014},
  organization={ACM}
}

@inproceedings{yang2016role,
  title={Social Role-Aware Emotion Contagion in Image Social Networks.},
  author={Yang, Yang and Jia, Jia and Wu, Boya and Tang, Jie},
  booktitle={AAAI},
  pages={65--71},
  year={2016}
}

@inproceedings{backstrom2006group,
  title={Group formation in large social networks: membership, growth, and evolution},
  author={Backstrom, Lars and Huttenlocher, Dan and Kleinberg, Jon and Lan, Xiangyang},
  booktitle={Proceedings of the 12th ACM SIGKDD international conference on Knowledge discovery and data mining},
  pages={44--54},
  year={2006},
  organization={ACM}
}

@inproceedings{bharathi2007competitive,
  title={Competitive influence maximization in social networks},
  author={Bharathi, Shishir and Kempe, David and Salek, Mahyar},
  booktitle={International Workshop on Web and Internet Economics},
  pages={306--311},
  year={2007},
  organization={Springer}
}

@inproceedings{du2008analysis,
  title={Analysis of greedy approximations with nonsubmodular potential functions},
  author={Du, Ding-Zhu and Graham, Ronald L and Pardalos, Panos M and Wan, Peng-Jun and Wu, Weili and Zhao, Wenbo},
  booktitle={Proceedings of the nineteenth annual ACM-SIAM symposium on Discrete algorithms},
  pages={167--175},
  year={2008},
  organization={Society for Industrial and Applied Mathematics}
}

@inproceedings{gao2016gt,
  title={General Threshold Model for Social Cascades: Analysis and Simulations},
  author={Gao, Jie and Ghasemiesfeh, Golnaz and Schoenebeck, Grant and Yu, Fang-Yi},
  booktitle={Proceedings of the 2016 ACM Conference on Economics and Computation},
  pages={617--634},
  year={2016},
  organization={ACM}
}

@inproceedings{chen2016routing,
  title={The Routing of Complex Contagion in Kleinberg’s Small-World Networks},
  author={Chen, Wei and Li, Qiang and Sun, Xiaoming and Zhang, Jialin},
  booktitle={International Computing and Combinatorics Conference},
  pages={307--318},
  year={2016},
  organization={Springer}
}

@inproceedings{barbieri2014influence,
  title={Influence maximization with viral product design},
  author={Barbieri, Nicola and Bonchi, Francesco},
  booktitle={Proceedings of the 2014 SIAM International Conference on Data Mining},
  pages={55--63},
  year={2014},
  organization={SIAM}
}

@inproceedings{arthur2009pricing,
  title={Pricing strategies for viral marketing on social networks},
  author={Arthur, David and Motwani, Rajeev and Sharma, Aneesh and Xu, Ying},
  booktitle={International Workshop on Internet and Network Economics},
  pages={101--112},
  year={2009},
  organization={Springer}
}

@inproceedings{carnes2007maximizing,
  title={Maximizing influence in a competitive social network: a follower's perspective},
  author={Carnes, Tim and Nagarajan, Chandrashekhar and Wild, Stefan M and Van Zuylen, Anke},
  booktitle={Proceedings of the ninth international conference on Electronic commerce},
  pages={351--360},
  year={2007},
  organization={ACM}
}

@inproceedings{goyal2011celfplus,
  title={Celf++: optimizing the greedy algorithm for influence maximization in social networks},
  author={Goyal, Amit and Lu, Wei and Lakshmanan, Laks VS},
  booktitle={Proceedings of the 20th international conference companion on World wide web},
  pages={47--48},
  year={2011},
  organization={ACM}
}

@inproceedings{he2012influence,
  title={Influence blocking maximization in social networks under the competitive linear threshold model},
  author={He, Xinran and Song, Guojie and Chen, Wei and Jiang, Qingye},
  booktitle={Proceedings of the 2012 SIAM International Conference on Data Mining},
  pages={463--474},
  year={2012},
  organization={SIAM}
}

@inproceedings{borodin2010competitive,
  title={Threshold models for competitive influence in social networks},
  author={Borodin, Allan and Filmus, Yuval and Oren, Joel},
  booktitle={International Workshop on Internet and Network Economics},
  pages={539--550},
  year={2010},
  organization={Springer}
}

@inproceedings{kostka2008word,
  title={Word of mouth: Rumor dissemination in social networks},
  author={Kostka, Jan and Oswald, Yvonne Anne and Wattenhofer, Roger},
  booktitle={International Colloquium on Structural Information and Communication Complexity},
  pages={185--196},
  year={2008},
  organization={Springer}
}

@inproceedings{bakshy2012advertising,
  title={Social influence in social advertising: evidence from field experiments},
  author={Bakshy, Eytan and Eckles, Dean and Yan, Rong and Rosenn, Itamar},
  booktitle={Proceedings of the 13th ACM Conference on Electronic Commerce},
  pages={146--161},
  year={2012},
  organization={ACM}
}

@inproceedings{li2011labeled,
  title={Labeled influence maximization in social networks for target marketing},
  author={Li, Fa-Hsien and Li, Cheng-Te and Shan, Man-Kwan},
  booktitle={Privacy, Security, Risk and Trust (PASSAT) and 2011 IEEE Third Inernational Conference on Social Computing (SocialCom), 2011 IEEE Third International Conference on},
  pages={560--563},
  year={2011},
  organization={IEEE}
}